@article{Dolamic:2009:Stemming,
 author = {Dolamic, Ljiljana and Savoy, Jacques},
 title = {Indexing and Stemming Approaches for the Czech Language},
 journal = {Inf. Process. Manage.},
 issue_date = {November, 2009},
 volume = {45},
 number = {6},
 month = nov,
 year = {2009},
 issn = {0306-4573},
 pages = {714--720},
 numpages = {7},
 url = {http://dx.doi.org/10.1016/j.ipm.2009.06.001},
 doi = {10.1016/j.ipm.2009.06.001},
 acmid = {1598600},
 publisher = {Pergamon Press, Inc.},
 address = {Tarrytown, NY, USA},
 keywords = {Czech language, Evaluation, Slavic languages, Stemming}
}

@thesis{Helebrand:2010:Stemming,
author = {Hellebrand, David},
title = {Nalezení slovních kořenů v češtině},
type = {Diplomová práce},
institution = {FIT VUT v Brně},
year = {2010},
url = {http://www.fit.vutbr.cz/research/prod/index.php.cs?id=133}
}
@manual{openoffice,
title = {Czech dictionary pack},
author = {Kolář, Petr},
year = {2008},
url = {http://extensions.services.openoffice.org/en/project/czech-dictionary-pack-české-slovníky}
}

@online{zdrojak,
author = {Vlček, Lukáš},
title = {Elasticsearch: Vyhledáváme hezky česky (a taky slovensky)},
year = {2013},
url = {http://www.zdrojak.cz/clanky/elasticsearch-vyhledavame-hezky-cesky-ii-a-taky-slovensky/}
}

@manual{sorl:doc,
author = {Apache Software Foundation},
title = {Apache Solr Reference Guide},
year = {2014},
url = {https://archive.apache.org/dist/lucene/solr/ref-guide/}
}

@manual{sorl:wiki,
author = {Apache Software Foundation},
title = {Solr Wiki},
year = {2014},
url = {http://wiki.apache.org/solr}
}

@manual{snowball:doc,
title = {Snowball},
year = {2014},
url = {http://snowball.tartarus.org/}
}

@manual{carrot2:integration,
title = {Apache SOLR and Carrot2 integration strategies},
year = {2014},
url = {http://carrot2.github.io/solr-integration-strategies/}
}

@manual{carrot2:manual,
title = {Carrot2: User and Developer Manual},
year = {2014},
author = {Osiński, Stanisław and Weiss, Dawid},
url = {http://download.carrot2.org/stable/manual/}
}

@online{jetty:cors,
title = {Enabling CORS (Cross-Origin Resource Sharing) on the example solr Jetty server},
year = {2014},
url = {https://gist.github.com/Wavewash/70532f2cc945a830627e}
}

@manual{bootstrap,
title = {Bootstrap},
url = {http://getbootstrap.com}
}

@manual{fontawesome,
title = {Font Awesome},
url = {http://fortawesome.github.io/Font-Awesome/}
}

@manual{angular,
title = {AngularJS},
url = {https://angularjs.org/}
}

@manual{surmon:guide,
author = {Hanousek, Jiří},
title = {Průvodce OBBB},
year = {2013},
url = {http://sourceforge.net/projects/obbb/files/PruvodceOBBB.zip}
}

@manual{netbeans:guide,
title = {NetBeans Platform Quick Start},
year = {2014},
url = {https://platform.netbeans.org/tutorials/nbm-quick-start.html}
}

@manual{lucene:wiki,
author = {Apache Software Foundation},
title = {Lucene-java Wiki},
year = {2014},
url = {http://wiki.apache.org/lucene-java}
}

@manual{jetty:doc,
author = {Eclipse Foundation},
title = {Jetty : The Definitive Reference},
year = {2014},
url = {http://www.eclipse.org/jetty/documentation/9.2.2.v20140723/}
}

@manual{tomcat:doc,
author = {Apache Software Foundation},
title = {Apache Tomcat 7: Documentation},
year = {2014},
url = {http://tomcat.apache.org/tomcat-7.0-doc/}
}